%YAML 1.1
%TAG !u! tag:unity3d.com,2011:
--- !u!29 &1
OcclusionCullingSettings:
  m_ObjectHideFlags: 0
  serializedVersion: 2
  m_OcclusionBakeSettings:
    smallestOccluder: 5
    smallestHole: 0.25
    backfaceThreshold: 100
  m_SceneGUID: 00000000000000000000000000000000
  m_OcclusionCullingData: {fileID: 0}
--- !u!104 &2
RenderSettings:
  m_ObjectHideFlags: 0
  serializedVersion: 8
  m_Fog: 0
  m_FogColor: {r: 0.5, g: 0.5, b: 0.5, a: 1}
  m_FogMode: 3
  m_FogDensity: 0.01
  m_LinearFogStart: 0
  m_LinearFogEnd: 300
  m_AmbientSkyColor: {r: 0.212, g: 0.227, b: 0.259, a: 1}
  m_AmbientEquatorColor: {r: 0.114, g: 0.125, b: 0.133, a: 1}
  m_AmbientGroundColor: {r: 0.047, g: 0.043, b: 0.035, a: 1}
  m_AmbientIntensity: 1
  m_AmbientMode: 3
  m_SubtractiveShadowColor: {r: 0.42, g: 0.478, b: 0.627, a: 1}
  m_SkyboxMaterial: {fileID: 0}
  m_HaloStrength: 0.5
  m_FlareStrength: 1
  m_FlareFadeSpeed: 3
  m_HaloTexture: {fileID: 0}
  m_SpotCookie: {fileID: 10001, guid: 0000000000000000e000000000000000, type: 0}
  m_DefaultReflectionMode: 0
  m_DefaultReflectionResolution: 128
  m_ReflectionBounces: 1
  m_ReflectionIntensity: 1
  m_CustomReflection: {fileID: 0}
  m_Sun: {fileID: 0}
  m_IndirectSpecularColor: {r: 0, g: 0, b: 0, a: 1}
--- !u!157 &3
LightmapSettings:
  m_ObjectHideFlags: 0
  serializedVersion: 11
  m_GIWorkflowMode: 1
  m_GISettings:
    serializedVersion: 2
    m_BounceScale: 1
    m_IndirectOutputScale: 1
    m_AlbedoBoost: 1
    m_TemporalCoherenceThreshold: 1
    m_EnvironmentLightingMode: 0
    m_EnableBakedLightmaps: 0
    m_EnableRealtimeLightmaps: 0
  m_LightmapEditorSettings:
    serializedVersion: 9
    m_Resolution: 2
    m_BakeResolution: 40
    m_TextureWidth: 1024
    m_TextureHeight: 1024
    m_AO: 0
    m_AOMaxDistance: 1
    m_CompAOExponent: 1
    m_CompAOExponentDirect: 0
    m_Padding: 2
    m_LightmapParameters: {fileID: 0}
    m_LightmapsBakeMode: 1
    m_TextureCompression: 1
    m_FinalGather: 0
    m_FinalGatherFiltering: 1
    m_FinalGatherRayCount: 256
    m_ReflectionCompression: 2
    m_MixedBakeMode: 2
    m_BakeBackend: 0
    m_PVRSampling: 1
    m_PVRDirectSampleCount: 32
    m_PVRSampleCount: 500
    m_PVRBounces: 2
    m_PVRFilterTypeDirect: 0
    m_PVRFilterTypeIndirect: 0
    m_PVRFilterTypeAO: 0
    m_PVRFilteringMode: 1
    m_PVRCulling: 1
    m_PVRFilteringGaussRadiusDirect: 1
    m_PVRFilteringGaussRadiusIndirect: 5
    m_PVRFilteringGaussRadiusAO: 2
    m_PVRFilteringAtrousPositionSigmaDirect: 0.5
    m_PVRFilteringAtrousPositionSigmaIndirect: 2
    m_PVRFilteringAtrousPositionSigmaAO: 1
    m_ShowResolutionOverlay: 1
  m_LightingDataAsset: {fileID: 0}
  m_UseShadowmask: 1
--- !u!196 &4
NavMeshSettings:
  serializedVersion: 2
  m_ObjectHideFlags: 0
  m_BuildSettings:
    serializedVersion: 2
    agentTypeID: 0
    agentRadius: 0.5
    agentHeight: 2
    agentSlope: 45
    agentClimb: 0.4
    ledgeDropHeight: 0
    maxJumpAcrossDistance: 0
    minRegionArea: 2
    manualCellSize: 0
    cellSize: 0.16666667
    manualTileSize: 0
    tileSize: 256
    accuratePlacement: 0
    debug:
      m_Flags: 0
  m_NavMeshData: {fileID: 0}
--- !u!1 &7535208
GameObject:
  m_ObjectHideFlags: 0
  m_PrefabParentObject: {fileID: 0}
  m_PrefabInternal: {fileID: 0}
  serializedVersion: 5
  m_Component:
  - component: {fileID: 7535209}
  - component: {fileID: 7535213}
  - component: {fileID: 7535212}
  - component: {fileID: 7535211}
  - component: {fileID: 7535210}
  m_Layer: 5
  m_Name: GameOver Button
  m_TagString: Untagged
  m_Icon: {fileID: 0}
  m_NavMeshLayer: 0
  m_StaticEditorFlags: 0
  m_IsActive: 1
--- !u!224 &7535209
RectTransform:
  m_ObjectHideFlags: 0
  m_PrefabParentObject: {fileID: 0}
  m_PrefabInternal: {fileID: 0}
  m_GameObject: {fileID: 7535208}
  m_LocalRotation: {x: -0, y: -0, z: -0, w: 1}
  m_LocalPosition: {x: 0, y: 0, z: 0}
  m_LocalScale: {x: 0.5, y: 0.5, z: 0.94624996}
  m_Children:
  - {fileID: 1092318636}
  m_Father: {fileID: 433068849}
  m_RootOrder: 0
  m_LocalEulerAnglesHint: {x: 0, y: 0, z: 0}
  m_AnchorMin: {x: 0, y: 0}
  m_AnchorMax: {x: 0, y: 0}
  m_AnchoredPosition: {x: 28.7, y: 30.3}
  m_SizeDelta: {x: 200.4, y: 49.5}
  m_Pivot: {x: 0.5, y: 0.5}
--- !u!114 &7535210
MonoBehaviour:
  m_ObjectHideFlags: 0
  m_PrefabParentObject: {fileID: 0}
  m_PrefabInternal: {fileID: 0}
  m_GameObject: {fileID: 7535208}
  m_Enabled: 1
  m_EditorHideFlags: 0
  m_Script: {fileID: 11500000, guid: 1e7ca2fb0b6201f4c856bd795b56e12c, type: 3}
  m_Name: 
  m_EditorClassIdentifier: 
  score: 0
--- !u!114 &7535211
MonoBehaviour:
  m_ObjectHideFlags: 0
  m_PrefabParentObject: {fileID: 0}
  m_PrefabInternal: {fileID: 0}
  m_GameObject: {fileID: 7535208}
  m_Enabled: 1
  m_EditorHideFlags: 0
  m_Script: {fileID: 1392445389, guid: f70555f144d8491a825f0804e09c671c, type: 3}
  m_Name: 
  m_EditorClassIdentifier: 
  m_Navigation:
    m_Mode: 3
    m_SelectOnUp: {fileID: 0}
    m_SelectOnDown: {fileID: 0}
    m_SelectOnLeft: {fileID: 0}
    m_SelectOnRight: {fileID: 0}
  m_Transition: 1
  m_Colors:
    m_NormalColor: {r: 1, g: 1, b: 1, a: 1}
    m_HighlightedColor: {r: 0, g: 0.91724133, b: 1, a: 1}
    m_PressedColor: {r: 0.78431374, g: 0.78431374, b: 0.78431374, a: 1}
    m_DisabledColor: {r: 0.78431374, g: 0.78431374, b: 0.78431374, a: 0.5019608}
    m_ColorMultiplier: 1
    m_FadeDuration: 0.1
  m_SpriteState:
    m_HighlightedSprite: {fileID: 0}
    m_PressedSprite: {fileID: 0}
    m_DisabledSprite: {fileID: 0}
  m_AnimationTriggers:
    m_NormalTrigger: Normal
    m_HighlightedTrigger: Highlighted
    m_PressedTrigger: Pressed
    m_DisabledTrigger: Disabled
  m_Interactable: 1
  m_TargetGraphic: {fileID: 7535212}
  m_OnClick:
    m_PersistentCalls:
      m_Calls:
      - m_Target: {fileID: 7535210}
        m_MethodName: LoadByIndex
        m_Mode: 3
        m_Arguments:
          m_ObjectArgument: {fileID: 0}
          m_ObjectArgumentAssemblyTypeName: UnityEngine.Object, UnityEngine
          m_IntArgument: 2
          m_FloatArgument: 0
          m_StringArgument: 
          m_BoolArgument: 0
        m_CallState: 2
    m_TypeName: UnityEngine.UI.Button+ButtonClickedEvent, UnityEngine.UI, Version=1.0.0.0,
      Culture=neutral, PublicKeyToken=null
--- !u!114 &7535212
MonoBehaviour:
  m_ObjectHideFlags: 0
  m_PrefabParentObject: {fileID: 0}
  m_PrefabInternal: {fileID: 0}
  m_GameObject: {fileID: 7535208}
  m_Enabled: 1
  m_EditorHideFlags: 0
  m_Script: {fileID: -765806418, guid: f70555f144d8491a825f0804e09c671c, type: 3}
  m_Name: 
  m_EditorClassIdentifier: 
  m_Material: {fileID: 0}
  m_Color: {r: 0, g: 0.6275863, b: 1, a: 1}
  m_RaycastTarget: 1
  m_OnCullStateChanged:
    m_PersistentCalls:
      m_Calls: []
    m_TypeName: UnityEngine.UI.MaskableGraphic+CullStateChangedEvent, UnityEngine.UI,
      Version=1.0.0.0, Culture=neutral, PublicKeyToken=null
  m_Sprite: {fileID: 21300000, guid: 9a32a6cc2cb803443983d45d4a513506, type: 3}
  m_Type: 1
  m_PreserveAspect: 0
  m_FillCenter: 1
  m_FillMethod: 4
  m_FillAmount: 1
  m_FillClockwise: 1
  m_FillOrigin: 0
--- !u!222 &7535213
CanvasRenderer:
  m_ObjectHideFlags: 0
  m_PrefabParentObject: {fileID: 0}
  m_PrefabInternal: {fileID: 0}
  m_GameObject: {fileID: 7535208}
--- !u!1 &60828840
GameObject:
  m_ObjectHideFlags: 0
  m_PrefabParentObject: {fileID: 1796067429054418, guid: c9fa45bea204a3544b7c5bfeef360342,
    type: 2}
  m_PrefabInternal: {fileID: 0}
  serializedVersion: 5
  m_Component:
  - component: {fileID: 60828847}
  - component: {fileID: 60828846}
  - component: {fileID: 60828845}
  - component: {fileID: 60828844}
  - component: {fileID: 60828842}
  - component: {fileID: 60828841}
  - component: {fileID: 60828843}
  m_Layer: 0
  m_Name: Second PlayerShip
  m_TagString: Untagged
  m_Icon: {fileID: 0}
  m_NavMeshLayer: 0
  m_StaticEditorFlags: 0
  m_IsActive: 1
--- !u!114 &60828841
MonoBehaviour:
  m_ObjectHideFlags: 0
  m_PrefabParentObject: {fileID: 0}
  m_PrefabInternal: {fileID: 0}
  m_GameObject: {fileID: 60828840}
  m_Enabled: 1
  m_EditorHideFlags: 0
  m_Script: {fileID: 11500000, guid: e9d7a1173bded85408418b07c92f1886, type: 3}
  m_Name: 
  m_EditorClassIdentifier: 
  pawn: {fileID: 0}
  tf: {fileID: 60828847}
  speed: 1
  turnspeed: 1
--- !u!50 &60828842
Rigidbody2D:
  serializedVersion: 4
  m_ObjectHideFlags: 0
  m_PrefabParentObject: {fileID: 50724566392451158, guid: c9fa45bea204a3544b7c5bfeef360342,
    type: 2}
  m_PrefabInternal: {fileID: 0}
  m_GameObject: {fileID: 60828840}
  m_BodyType: 0
  m_Simulated: 1
  m_UseFullKinematicContacts: 0
  m_UseAutoMass: 0
  m_Mass: 1
  m_LinearDrag: 0
  m_AngularDrag: 0
  m_GravityScale: 0
  m_Material: {fileID: 0}
  m_Interpolate: 0
  m_SleepingMode: 1
  m_CollisionDetection: 0
  m_Constraints: 0
--- !u!114 &60828843
MonoBehaviour:
  m_ObjectHideFlags: 0
  m_PrefabParentObject: {fileID: 0}
  m_PrefabInternal: {fileID: 0}
  m_GameObject: {fileID: 60828840}
  m_Enabled: 1
  m_EditorHideFlags: 0
  m_Script: {fileID: 11500000, guid: 5ea27916fe221d3418c5f80b0df520f0, type: 3}
  m_Name: 
  m_EditorClassIdentifier: 
  tf: {fileID: 60828847}
--- !u!114 &60828844
MonoBehaviour:
  m_ObjectHideFlags: 0
  m_PrefabParentObject: {fileID: 114951460767950516, guid: c9fa45bea204a3544b7c5bfeef360342,
    type: 2}
  m_PrefabInternal: {fileID: 0}
  m_GameObject: {fileID: 60828840}
  m_Enabled: 1
  m_EditorHideFlags: 0
  m_Script: {fileID: 11500000, guid: fbdfd1fa0fbbd9f42b7f292b9393bed3, type: 3}
  m_Name: 
  m_EditorClassIdentifier: 
  volume: 1
--- !u!60 &60828845
PolygonCollider2D:
  m_ObjectHideFlags: 0
  m_PrefabParentObject: {fileID: 60056009844564634, guid: c9fa45bea204a3544b7c5bfeef360342,
    type: 2}
  m_PrefabInternal: {fileID: 0}
  m_GameObject: {fileID: 60828840}
  m_Enabled: 1
  m_Density: 1
  m_Material: {fileID: 0}
  m_IsTrigger: 0
  m_UsedByEffector: 0
  m_UsedByComposite: 0
  m_Offset: {x: 0, y: 0}
  m_SpriteTilingProperty:
    border: {x: 0, y: 0, z: 0, w: 0}
    pivot: {x: 0.5, y: 0.5}
    oldSize: {x: 1.2, y: 1.5}
    newSize: {x: 1.2, y: 1.5}
    adaptiveTilingThreshold: 0.5
    drawMode: 0
    adaptiveTiling: 0
  m_AutoTiling: 0
  m_Points:
    m_Paths:
    - - {x: 0.59999996, y: -0.37}
      - {x: 0.19, y: -0.41}
      - {x: 0.12, y: -0.37}
      - {x: -0.06, y: -0.35}
      - {x: -0.03, y: -0.25}
      - {x: 0.099999994, y: -0.22999999}
      - {x: 0.24, y: -0.19}
      - {x: 0.26, y: -0.17}
      - {x: 0.26, y: -0.16}
      - {x: 0.22999999, y: -0.13}
      - {x: 0.29, y: -0.11}
      - {x: 0.39, y: -0.02}
      - {x: 0.39, y: 0.02}
      - {x: 0.26, y: 0.19999999}
      - {x: -0.03, y: 0.24}
      - {x: -0.049999997, y: 0.28}
      - {x: -0.07, y: 0.29999998}
      - {x: 0.02, y: 0.39}
      - {x: 0.13, y: 0.37}
      - {x: 0.19, y: 0.41}
      - {x: 0.59999996, y: 0.37}
      - {x: 0.59999996, y: 0.42999998}
      - {x: 0.45, y: 0.53999996}
      - {x: 0.03, y: 0.66999996}
      - {x: -0.089999996, y: 0.75}
      - {x: -0.19999999, y: 0.75}
      - {x: -0.21, y: 0.68}
      - {x: -0.29999998, y: 0.69}
      - {x: -0.35, y: 0.69}
      - {x: -0.35999998, y: 0.65999997}
      - {x: -0.32, y: 0.62}
      - {x: -0.29999998, y: 0.51}
      - {x: -0.44, y: 0.5}
      - {x: -0.45, y: 0.47}
      - {x: -0.45999998, y: 0.32}
      - {x: -0.45999998, y: 0.28}
      - {x: -0.59999996, y: 0.26}
      - {x: -0.59999996, y: 0.049999997}
      - {x: -0.45, y: 0.02}
      - {x: -0.59999996, y: -0.06}
      - {x: -0.59999996, y: -0.26}
      - {x: -0.44, y: -0.29}
      - {x: -0.47, y: -0.48}
      - {x: -0.29999998, y: -0.53}
      - {x: -0.35999998, y: -0.65999997}
      - {x: -0.35, y: -0.7}
      - {x: -0.22, y: -0.68}
      - {x: -0.19999999, y: -0.75}
      - {x: -0.089999996, y: -0.75}
      - {x: 0.089999996, y: -0.65}
      - {x: 0.32, y: -0.57}
      - {x: 0.48999998, y: -0.51}
      - {x: 0.59999996, y: -0.42999998}
--- !u!212 &60828846
SpriteRenderer:
  m_ObjectHideFlags: 0
  m_PrefabParentObject: {fileID: 212016826731675232, guid: c9fa45bea204a3544b7c5bfeef360342,
    type: 2}
  m_PrefabInternal: {fileID: 0}
  m_GameObject: {fileID: 60828840}
  m_Enabled: 1
  m_CastShadows: 0
  m_ReceiveShadows: 0
  m_DynamicOccludee: 1
  m_MotionVectors: 1
  m_LightProbeUsage: 1
  m_ReflectionProbeUsage: 1
  m_Materials:
  - {fileID: 10754, guid: 0000000000000000f000000000000000, type: 0}
  m_StaticBatchInfo:
    firstSubMesh: 0
    subMeshCount: 0
  m_StaticBatchRoot: {fileID: 0}
  m_ProbeAnchor: {fileID: 0}
  m_LightProbeVolumeOverride: {fileID: 0}
  m_ScaleInLightmap: 1
  m_PreserveUVs: 0
  m_IgnoreNormalsForChartDetection: 0
  m_ImportantGI: 0
  m_StitchLightmapSeams: 0
  m_SelectedEditorRenderState: 0
  m_MinimumChartSize: 4
  m_AutoUVMaxDistance: 0.5
  m_AutoUVMaxAngle: 89
  m_LightmapParameters: {fileID: 0}
  m_SortingLayerID: 0
  m_SortingLayer: 0
  m_SortingOrder: 0
  m_Sprite: {fileID: 21300000, guid: 3ecf0cbb08dad824495a2a395e92ac00, type: 3}
  m_Color: {r: 1, g: 1, b: 1, a: 1}
  m_FlipX: 0
  m_FlipY: 0
  m_DrawMode: 0
  m_Size: {x: 1.2, y: 1.5}
  m_AdaptiveModeThreshold: 0.5
  m_SpriteTileMode: 0
  m_WasSpriteAssigned: 1
  m_MaskInteraction: 0
--- !u!4 &60828847
Transform:
  m_ObjectHideFlags: 0
  m_PrefabParentObject: {fileID: 4338895710168924, guid: c9fa45bea204a3544b7c5bfeef360342,
    type: 2}
  m_PrefabInternal: {fileID: 0}
  m_GameObject: {fileID: 60828840}
  m_LocalRotation: {x: 0, y: 0, z: 0, w: 1}
  m_LocalPosition: {x: 0.7, y: 7.1, z: 0}
  m_LocalScale: {x: 5, y: 5, z: 2}
  m_Children: []
  m_Father: {fileID: 0}
  m_RootOrder: 1
  m_LocalEulerAnglesHint: {x: 0, y: 0, z: 0}
--- !u!1 &433068848
GameObject:
  m_ObjectHideFlags: 0
  m_PrefabParentObject: {fileID: 1744943919339624, guid: 16d9eadfc616c554b9cf34984f645be9,
    type: 2}
  m_PrefabInternal: {fileID: 0}
  serializedVersion: 5
  m_Component:
  - component: {fileID: 433068849}
  - component: {fileID: 433068852}
  - component: {fileID: 433068851}
  - component: {fileID: 433068850}
  m_Layer: 5
  m_Name: Canvas
  m_TagString: Untagged
  m_Icon: {fileID: 0}
  m_NavMeshLayer: 0
  m_StaticEditorFlags: 0
  m_IsActive: 1
--- !u!224 &433068849
RectTransform:
  m_ObjectHideFlags: 0
  m_PrefabParentObject: {fileID: 224613206285963284, guid: 16d9eadfc616c554b9cf34984f645be9,
    type: 2}
  m_PrefabInternal: {fileID: 0}
  m_GameObject: {fileID: 433068848}
  m_LocalRotation: {x: -0, y: -0, z: -0, w: 1}
  m_LocalPosition: {x: 0, y: 0, z: 0}
  m_LocalScale: {x: 0.5, y: 0.5, z: 0.5}
  m_Children:
  - {fileID: 7535209}
  m_Father: {fileID: 2087099810}
  m_RootOrder: 1
  m_LocalEulerAnglesHint: {x: 0, y: 0, z: 0}
  m_AnchorMin: {x: 0, y: 0}
  m_AnchorMax: {x: 0, y: 0}
  m_AnchoredPosition: {x: 189.25, y: 98.75}
  m_SizeDelta: {x: 757, y: 395}
  m_Pivot: {x: 0.5, y: 0.5}
--- !u!114 &433068850
MonoBehaviour:
  m_ObjectHideFlags: 0
  m_PrefabParentObject: {fileID: 114416501348716726, guid: 16d9eadfc616c554b9cf34984f645be9,
    type: 2}
  m_PrefabInternal: {fileID: 0}
  m_GameObject: {fileID: 433068848}
  m_Enabled: 1
  m_EditorHideFlags: 0
  m_Script: {fileID: 1301386320, guid: f70555f144d8491a825f0804e09c671c, type: 3}
  m_Name: 
  m_EditorClassIdentifier: 
  m_IgnoreReversedGraphics: 1
  m_BlockingObjects: 0
  m_BlockingMask:
    serializedVersion: 2
    m_Bits: 4294967295
--- !u!114 &433068851
MonoBehaviour:
  m_ObjectHideFlags: 0
  m_PrefabParentObject: {fileID: 114356940177506538, guid: 16d9eadfc616c554b9cf34984f645be9,
    type: 2}
  m_PrefabInternal: {fileID: 0}
  m_GameObject: {fileID: 433068848}
  m_Enabled: 1
  m_EditorHideFlags: 0
  m_Script: {fileID: 1980459831, guid: f70555f144d8491a825f0804e09c671c, type: 3}
  m_Name: 
  m_EditorClassIdentifier: 
  m_UiScaleMode: 0
  m_ReferencePixelsPerUnit: 100
  m_ScaleFactor: 1
  m_ReferenceResolution: {x: 800, y: 600}
  m_ScreenMatchMode: 0
  m_MatchWidthOrHeight: 0
  m_PhysicalUnit: 3
  m_FallbackScreenDPI: 96
  m_DefaultSpriteDPI: 96
  m_DynamicPixelsPerUnit: 1
--- !u!223 &433068852
Canvas:
  m_ObjectHideFlags: 0
  m_PrefabParentObject: {fileID: 223930197345311418, guid: 16d9eadfc616c554b9cf34984f645be9,
    type: 2}
  m_PrefabInternal: {fileID: 0}
  m_GameObject: {fileID: 433068848}
  m_Enabled: 1
  serializedVersion: 3
  m_RenderMode: 2
  m_Camera: {fileID: 1967416735}
  m_PlaneDistance: 100
  m_PixelPerfect: 0
  m_ReceivesEvents: 1
  m_OverrideSorting: 0
  m_OverridePixelPerfect: 0
  m_SortingBucketNormalizedSize: 0
  m_AdditionalShaderChannelsFlag: 0
  m_SortingLayerID: 0
  m_SortingOrder: 0
  m_TargetDisplay: 0
--- !u!1 &618948099
GameObject:
  m_ObjectHideFlags: 0
  m_PrefabParentObject: {fileID: 0}
  m_PrefabInternal: {fileID: 0}
  serializedVersion: 5
  m_Component:
  - component: {fileID: 618948100}
  - component: {fileID: 618948101}
  m_Layer: 0
  m_Name: space_flight_sky_stars_82970_1920x1080
  m_TagString: Untagged
  m_Icon: {fileID: 0}
  m_NavMeshLayer: 0
  m_StaticEditorFlags: 0
  m_IsActive: 1
--- !u!4 &618948100
Transform:
  m_ObjectHideFlags: 0
  m_PrefabParentObject: {fileID: 0}
  m_PrefabInternal: {fileID: 0}
  m_GameObject: {fileID: 618948099}
  m_LocalRotation: {x: -0, y: -0, z: -0, w: 1}
  m_LocalPosition: {x: -0.8, y: 1.6, z: 0}
  m_LocalScale: {x: 100, y: 100, z: 1}
  m_Children: []
  m_Father: {fileID: 1649245385}
  m_RootOrder: 0
  m_LocalEulerAnglesHint: {x: 0, y: 0, z: 0}
--- !u!212 &618948101
SpriteRenderer:
  m_ObjectHideFlags: 0
  m_PrefabParentObject: {fileID: 0}
  m_PrefabInternal: {fileID: 0}
  m_GameObject: {fileID: 618948099}
  m_Enabled: 1
  m_CastShadows: 0
  m_ReceiveShadows: 0
  m_DynamicOccludee: 1
  m_MotionVectors: 1
  m_LightProbeUsage: 1
  m_ReflectionProbeUsage: 1
  m_Materials:
  - {fileID: 10754, guid: 0000000000000000f000000000000000, type: 0}
  m_StaticBatchInfo:
    firstSubMesh: 0
    subMeshCount: 0
  m_StaticBatchRoot: {fileID: 0}
  m_ProbeAnchor: {fileID: 0}
  m_LightProbeVolumeOverride: {fileID: 0}
  m_ScaleInLightmap: 1
  m_PreserveUVs: 0
  m_IgnoreNormalsForChartDetection: 0
  m_ImportantGI: 0
  m_StitchLightmapSeams: 0
  m_SelectedEditorRenderState: 0
  m_MinimumChartSize: 4
  m_AutoUVMaxDistance: 0.5
  m_AutoUVMaxAngle: 89
  m_LightmapParameters: {fileID: 0}
  m_SortingLayerID: -1091552051
  m_SortingLayer: -2
  m_SortingOrder: 4
  m_Sprite: {fileID: 21300000, guid: ad6a6a97c210b664ca06649e2f13759c, type: 3}
  m_Color: {r: 1, g: 1, b: 1, a: 1}
  m_FlipX: 0
  m_FlipY: 0
  m_DrawMode: 0
  m_Size: {x: 19.2, y: 10.8}
  m_AdaptiveModeThreshold: 0.5
  m_SpriteTileMode: 0
  m_WasSpriteAssigned: 1
  m_MaskInteraction: 0
--- !u!1001 &659348300
Prefab:
  m_ObjectHideFlags: 0
  serializedVersion: 2
  m_Modification:
    m_TransformParent: {fileID: 0}
    m_Modifications:
    - target: {fileID: 4338462823544858, guid: 16d9eadfc616c554b9cf34984f645be9, type: 2}
      propertyPath: m_LocalPosition.x
      value: -17.7
      objectReference: {fileID: 0}
    - target: {fileID: 4338462823544858, guid: 16d9eadfc616c554b9cf34984f645be9, type: 2}
      propertyPath: m_LocalPosition.y
      value: 0
      objectReference: {fileID: 0}
    - target: {fileID: 4338462823544858, guid: 16d9eadfc616c554b9cf34984f645be9, type: 2}
      propertyPath: m_LocalPosition.z
      value: 0
      objectReference: {fileID: 0}
    - target: {fileID: 4338462823544858, guid: 16d9eadfc616c554b9cf34984f645be9, type: 2}
      propertyPath: m_LocalRotation.x
      value: 0
      objectReference: {fileID: 0}
    - target: {fileID: 4338462823544858, guid: 16d9eadfc616c554b9cf34984f645be9, type: 2}
      propertyPath: m_LocalRotation.y
      value: 0
      objectReference: {fileID: 0}
    - target: {fileID: 4338462823544858, guid: 16d9eadfc616c554b9cf34984f645be9, type: 2}
      propertyPath: m_LocalRotation.z
      value: 0
      objectReference: {fileID: 0}
    - target: {fileID: 4338462823544858, guid: 16d9eadfc616c554b9cf34984f645be9, type: 2}
      propertyPath: m_LocalRotation.w
      value: 1
      objectReference: {fileID: 0}
    - target: {fileID: 4338462823544858, guid: 16d9eadfc616c554b9cf34984f645be9, type: 2}
      propertyPath: m_RootOrder
      value: 2
      objectReference: {fileID: 0}
    - target: {fileID: 114367368454752232, guid: 16d9eadfc616c554b9cf34984f645be9,
        type: 2}
      propertyPath: targetTf
      value: 
      objectReference: {fileID: 2087099810}
    - target: {fileID: 114759258976399982, guid: 16d9eadfc616c554b9cf34984f645be9,
        type: 2}
      propertyPath: targetTf
      value: 
      objectReference: {fileID: 2087099810}
    - target: {fileID: 114759258976399982, guid: 16d9eadfc616c554b9cf34984f645be9,
        type: 2}
      propertyPath: nm
      value: 
      objectReference: {fileID: 2087099807}
    - target: {fileID: 1075712481431188, guid: 16d9eadfc616c554b9cf34984f645be9, type: 2}
      propertyPath: m_Name
      value: EnemyAI
      objectReference: {fileID: 0}
    - target: {fileID: 223930197345311418, guid: 16d9eadfc616c554b9cf34984f645be9,
        type: 2}
      propertyPath: m_Camera
      value: 
      objectReference: {fileID: 1967416735}
    - target: {fileID: 4338462823544858, guid: 16d9eadfc616c554b9cf34984f645be9, type: 2}
      propertyPath: m_LocalScale.x
      value: 5
      objectReference: {fileID: 0}
    - target: {fileID: 4338462823544858, guid: 16d9eadfc616c554b9cf34984f645be9, type: 2}
      propertyPath: m_LocalScale.y
      value: 5
      objectReference: {fileID: 0}
    m_RemovedComponents: []
  m_ParentPrefab: {fileID: 100100000, guid: 16d9eadfc616c554b9cf34984f645be9, type: 2}
  m_IsPrefabParent: 0
--- !u!1 &1092318635
GameObject:
  m_ObjectHideFlags: 0
  m_PrefabParentObject: {fileID: 0}
  m_PrefabInternal: {fileID: 0}
  serializedVersion: 5
  m_Component:
  - component: {fileID: 1092318636}
  - component: {fileID: 1092318638}
  - component: {fileID: 1092318637}
  m_Layer: 5
  m_Name: Quit
  m_TagString: Untagged
  m_Icon: {fileID: 0}
  m_NavMeshLayer: 0
  m_StaticEditorFlags: 0
  m_IsActive: 1
--- !u!224 &1092318636
RectTransform:
  m_ObjectHideFlags: 0
  m_PrefabParentObject: {fileID: 0}
  m_PrefabInternal: {fileID: 0}
  m_GameObject: {fileID: 1092318635}
  m_LocalRotation: {x: 0, y: 0, z: 0, w: 1}
  m_LocalPosition: {x: 0, y: 0, z: 0}
  m_LocalScale: {x: 1, y: 1, z: 1}
  m_Children: []
  m_Father: {fileID: 7535209}
  m_RootOrder: 0
  m_LocalEulerAnglesHint: {x: 0, y: 0, z: 0}
  m_AnchorMin: {x: 0, y: 0}
  m_AnchorMax: {x: 1, y: 1}
  m_AnchoredPosition: {x: 0, y: 0}
  m_SizeDelta: {x: 0, y: 0}
  m_Pivot: {x: 0.5, y: 0.5}
--- !u!114 &1092318637
MonoBehaviour:
  m_ObjectHideFlags: 0
  m_PrefabParentObject: {fileID: 0}
  m_PrefabInternal: {fileID: 0}
  m_GameObject: {fileID: 1092318635}
  m_Enabled: 1
  m_EditorHideFlags: 0
  m_Script: {fileID: 708705254, guid: f70555f144d8491a825f0804e09c671c, type: 3}
  m_Name: 
  m_EditorClassIdentifier: 
  m_Material: {fileID: 0}
  m_Color: {r: 1, g: 1, b: 1, a: 1}
  m_RaycastTarget: 1
  m_OnCullStateChanged:
    m_PersistentCalls:
      m_Calls: []
    m_TypeName: UnityEngine.UI.MaskableGraphic+CullStateChangedEvent, UnityEngine.UI,
      Version=1.0.0.0, Culture=neutral, PublicKeyToken=null
  m_FontData:
    m_Font: {fileID: 12800000, guid: 7cb2912222469634ba17a77055919ea8, type: 3}
    m_FontSize: 32
    m_FontStyle: 0
    m_BestFit: 0
    m_MinSize: 3
    m_MaxSize: 40
    m_Alignment: 4
    m_AlignByGeometry: 0
    m_RichText: 1
    m_HorizontalOverflow: 1
    m_VerticalOverflow: 1
    m_LineSpacing: 1
  m_Text: GameOver
--- !u!222 &1092318638
CanvasRenderer:
  m_ObjectHideFlags: 0
  m_PrefabParentObject: {fileID: 0}
  m_PrefabInternal: {fileID: 0}
  m_GameObject: {fileID: 1092318635}
--- !u!1001 &1287135761
Prefab:
  m_ObjectHideFlags: 0
  serializedVersion: 2
  m_Modification:
    m_TransformParent: {fileID: 0}
    m_Modifications:
    - target: {fileID: 4338895710168924, guid: c9fa45bea204a3544b7c5bfeef360342, type: 2}
      propertyPath: m_LocalPosition.x
      value: 0.3
      objectReference: {fileID: 0}
    - target: {fileID: 4338895710168924, guid: c9fa45bea204a3544b7c5bfeef360342, type: 2}
      propertyPath: m_LocalPosition.y
      value: -6.6
      objectReference: {fileID: 0}
    - target: {fileID: 4338895710168924, guid: c9fa45bea204a3544b7c5bfeef360342, type: 2}
      propertyPath: m_LocalPosition.z
      value: 0
      objectReference: {fileID: 0}
    - target: {fileID: 4338895710168924, guid: c9fa45bea204a3544b7c5bfeef360342, type: 2}
      propertyPath: m_LocalRotation.x
      value: 0
      objectReference: {fileID: 0}
    - target: {fileID: 4338895710168924, guid: c9fa45bea204a3544b7c5bfeef360342, type: 2}
      propertyPath: m_LocalRotation.y
      value: 0
      objectReference: {fileID: 0}
    - target: {fileID: 4338895710168924, guid: c9fa45bea204a3544b7c5bfeef360342, type: 2}
      propertyPath: m_LocalRotation.z
      value: 0
      objectReference: {fileID: 0}
    - target: {fileID: 4338895710168924, guid: c9fa45bea204a3544b7c5bfeef360342, type: 2}
      propertyPath: m_LocalRotation.w
      value: 1
      objectReference: {fileID: 0}
    - target: {fileID: 4338895710168924, guid: c9fa45bea204a3544b7c5bfeef360342, type: 2}
      propertyPath: m_RootOrder
      value: 0
      objectReference: {fileID: 0}
    - target: {fileID: 20289772613001152, guid: c9fa45bea204a3544b7c5bfeef360342,
        type: 2}
      propertyPath: orthographic size
      value: 100
      objectReference: {fileID: 0}
    - target: {fileID: 4338895710168924, guid: c9fa45bea204a3544b7c5bfeef360342, type: 2}
      propertyPath: m_LocalScale.x
      value: 5
      objectReference: {fileID: 0}
    - target: {fileID: 4338895710168924, guid: c9fa45bea204a3544b7c5bfeef360342, type: 2}
      propertyPath: m_LocalScale.y
      value: 5
      objectReference: {fileID: 0}
    m_RemovedComponents: []
  m_ParentPrefab: {fileID: 100100000, guid: c9fa45bea204a3544b7c5bfeef360342, type: 2}
  m_IsPrefabParent: 0
--- !u!1001 &1519808200
Prefab:
  m_ObjectHideFlags: 0
  serializedVersion: 2
  m_Modification:
    m_TransformParent: {fileID: 0}
    m_Modifications:
    - target: {fileID: 4338462823544858, guid: 16d9eadfc616c554b9cf34984f645be9, type: 2}
      propertyPath: m_LocalPosition.x
      value: -22.86
      objectReference: {fileID: 0}
    - target: {fileID: 4338462823544858, guid: 16d9eadfc616c554b9cf34984f645be9, type: 2}
      propertyPath: m_LocalPosition.y
      value: -12.52
      objectReference: {fileID: 0}
    - target: {fileID: 4338462823544858, guid: 16d9eadfc616c554b9cf34984f645be9, type: 2}
      propertyPath: m_LocalPosition.z
      value: 0
      objectReference: {fileID: 0}
    - target: {fileID: 4338462823544858, guid: 16d9eadfc616c554b9cf34984f645be9, type: 2}
      propertyPath: m_LocalRotation.x
      value: 0
      objectReference: {fileID: 0}
    - target: {fileID: 4338462823544858, guid: 16d9eadfc616c554b9cf34984f645be9, type: 2}
      propertyPath: m_LocalRotation.y
      value: 0
      objectReference: {fileID: 0}
    - target: {fileID: 4338462823544858, guid: 16d9eadfc616c554b9cf34984f645be9, type: 2}
      propertyPath: m_LocalRotation.z
      value: 0
      objectReference: {fileID: 0}
    - target: {fileID: 4338462823544858, guid: 16d9eadfc616c554b9cf34984f645be9, type: 2}
      propertyPath: m_LocalRotation.w
      value: 1
      objectReference: {fileID: 0}
    - target: {fileID: 4338462823544858, guid: 16d9eadfc616c554b9cf34984f645be9, type: 2}
      propertyPath: m_RootOrder
      value: 5
      objectReference: {fileID: 0}
    - target: {fileID: 114367368454752232, guid: 16d9eadfc616c554b9cf34984f645be9,
        type: 2}
      propertyPath: targetTf
      value: 
      objectReference: {fileID: 2087099810}
    - target: {fileID: 114759258976399982, guid: 16d9eadfc616c554b9cf34984f645be9,
        type: 2}
      propertyPath: targetTf
      value: 
      objectReference: {fileID: 2087099810}
    - target: {fileID: 114759258976399982, guid: 16d9eadfc616c554b9cf34984f645be9,
        type: 2}
      propertyPath: nm
      value: 
      objectReference: {fileID: 2087099807}
    - target: {fileID: 223930197345311418, guid: 16d9eadfc616c554b9cf34984f645be9,
        type: 2}
      propertyPath: m_Camera
      value: 
      objectReference: {fileID: 1967416735}
    - target: {fileID: 4338462823544858, guid: 16d9eadfc616c554b9cf34984f645be9, type: 2}
      propertyPath: m_LocalScale.x
      value: 5
      objectReference: {fileID: 0}
    - target: {fileID: 4338462823544858, guid: 16d9eadfc616c554b9cf34984f645be9, type: 2}
      propertyPath: m_LocalScale.y
      value: 5
      objectReference: {fileID: 0}
    m_RemovedComponents: []
  m_ParentPrefab: {fileID: 100100000, guid: 16d9eadfc616c554b9cf34984f645be9, type: 2}
  m_IsPrefabParent: 0
--- !u!1 &1649245382
GameObject:
  m_ObjectHideFlags: 0
  m_PrefabParentObject: {fileID: 0}
  m_PrefabInternal: {fileID: 0}
  serializedVersion: 5
  m_Component:
  - component: {fileID: 1649245385}
  - component: {fileID: 1649245383}
  - component: {fileID: 1649245384}
  m_Layer: 0
  m_Name: Playable Space
  m_TagString: Untagged
  m_Icon: {fileID: 0}
  m_NavMeshLayer: 0
  m_StaticEditorFlags: 0
  m_IsActive: 1
--- !u!65 &1649245383
BoxCollider:
  m_ObjectHideFlags: 0
  m_PrefabParentObject: {fileID: 0}
  m_PrefabInternal: {fileID: 0}
  m_GameObject: {fileID: 1649245382}
  m_Material: {fileID: 0}
  m_IsTrigger: 1
  m_Enabled: 1
  serializedVersion: 2
  m_Size: {x: 191.36983, y: 105.95882, z: 1}
  m_Center: {x: -0.4965744, y: 0.49655914, z: 0}
--- !u!114 &1649245384
MonoBehaviour:
  m_ObjectHideFlags: 0
  m_PrefabParentObject: {fileID: 0}
  m_PrefabInternal: {fileID: 0}
  m_GameObject: {fileID: 1649245382}
  m_Enabled: 1
  m_EditorHideFlags: 0
  m_Script: {fileID: 11500000, guid: 19dd5da6f30cdf547ad3738edef52049, type: 3}
  m_Name: 
  m_EditorClassIdentifier: 
--- !u!4 &1649245385
Transform:
  m_ObjectHideFlags: 0
  m_PrefabParentObject: {fileID: 0}
  m_PrefabInternal: {fileID: 0}
  m_GameObject: {fileID: 1649245382}
  m_LocalRotation: {x: 0, y: 0, z: 0, w: 1}
  m_LocalPosition: {x: 0, y: 0, z: 0}
  m_LocalScale: {x: 1, y: 1, z: 1}
  m_Children:
  - {fileID: 618948100}
  m_Father: {fileID: 0}
  m_RootOrder: 3
  m_LocalEulerAnglesHint: {x: 0, y: 0, z: 0}
--- !u!20 &1967416735 stripped
Camera:
  m_PrefabParentObject: {fileID: 20289772613001152, guid: c9fa45bea204a3544b7c5bfeef360342,
    type: 2}
  m_PrefabInternal: {fileID: 1287135761}
--- !u!114 &2087099807 stripped
MonoBehaviour:
  m_PrefabParentObject: {fileID: 114951460767950516, guid: c9fa45bea204a3544b7c5bfeef360342,
    type: 2}
  m_PrefabInternal: {fileID: 1287135761}
  m_Script: {fileID: 11500000, guid: fbdfd1fa0fbbd9f42b7f292b9393bed3, type: 3}
--- !u!4 &2087099810 stripped
Transform:
  m_PrefabParentObject: {fileID: 4338895710168924, guid: c9fa45bea204a3544b7c5bfeef360342,
    type: 2}
  m_PrefabInternal: {fileID: 1287135761}
--- !u!1 &2100030115
GameObject:
  m_ObjectHideFlags: 0
  m_PrefabParentObject: {fileID: 0}
  m_PrefabInternal: {fileID: 0}
  serializedVersion: 5
  m_Component:
  - component: {fileID: 2100030118}
  - component: {fileID: 2100030117}
  - component: {fileID: 2100030116}
  m_Layer: 0
  m_Name: EventSystem
  m_TagString: Untagged
  m_Icon: {fileID: 0}
  m_NavMeshLayer: 0
  m_StaticEditorFlags: 0
  m_IsActive: 1
--- !u!114 &2100030116
MonoBehaviour:
  m_ObjectHideFlags: 0
  m_PrefabParentObject: {fileID: 0}
  m_PrefabInternal: {fileID: 0}
  m_GameObject: {fileID: 2100030115}
  m_Enabled: 1
  m_EditorHideFlags: 0
  m_Script: {fileID: 1077351063, guid: f70555f144d8491a825f0804e09c671c, type: 3}
  m_Name: 
  m_EditorClassIdentifier: 
  m_HorizontalAxis: Horizontal
  m_VerticalAxis: Vertical
  m_SubmitButton: Submit
  m_CancelButton: Cancel
  m_InputActionsPerSecond: 10
  m_RepeatDelay: 0.5
  m_ForceModuleActive: 0
--- !u!114 &2100030117
MonoBehaviour:
  m_ObjectHideFlags: 0
  m_PrefabParentObject: {fileID: 0}
  m_PrefabInternal: {fileID: 0}
  m_GameObject: {fileID: 2100030115}
  m_Enabled: 1
  m_EditorHideFlags: 0
  m_Script: {fileID: -619905303, guid: f70555f144d8491a825f0804e09c671c, type: 3}
  m_Name: 
  m_EditorClassIdentifier: 
  m_FirstSelected: {fileID: 0}
  m_sendNavigationEvents: 1
  m_DragThreshold: 5
--- !u!4 &2100030118
Transform:
  m_ObjectHideFlags: 0
  m_PrefabParentObject: {fileID: 0}
  m_PrefabInternal: {fileID: 0}
  m_GameObject: {fileID: 2100030115}
  m_LocalRotation: {x: 0, y: 0, z: 0, w: 1}
  m_LocalPosition: {x: 0, y: 0, z: 0}
  m_LocalScale: {x: 1, y: 1, z: 1}
  m_Children: []
  m_Father: {fileID: 0}
  m_RootOrder: 4
  m_LocalEulerAnglesHint: {x: 0, y: 0, z: 0}
